@inproceedings {294605,
author = {Xiaoyu Cheng and Fei Tong and Hongyu Wang and Zhe Zhou and Fang Jiang and Yuxing Mao},
title = {{SpecLFB}: Eliminating Cache Side Channels in Speculative Executions},
booktitle = {33rd USENIX Security Symposium (USENIX Security 24)},
year = {2024},
isbn = {978-1-939133-44-1},
address = {Philadelphia, PA},
pages = {631--646},
url = {https://www.usenix.org/conference/usenixsecurity24/presentation/cheng-xiaoyu},
publisher = {USENIX Association},
month = aug
}
@inproceedings {184415,
author = {Yuval Yarom and Katrina Falkner},
title = {{FLUSH+RELOAD}: A High Resolution, Low Noise, L3 Cache {Side-Channel} Attack},
booktitle = {23rd USENIX Security Symposium (USENIX Security 14)},
year = {2014},
isbn = {978-1-931971-15-7},
address = {San Diego, CA},
pages = {719--732},
url = {https://www.usenix.org/conference/usenixsecurity14/technical-sessions/presentation/yarom},
publisher = {USENIX Association},
month = aug
}